@misc{lambdadeltaJ3a,
   author="F. {Guidi}",
   title="{Verified Representations of Landau's ``Grundlagen'' in $\lambda\delta$ and in the Calculus of Constructions}",
   year="2015",
   xxmonth="August",
   xxnote="Submitted to Journal of Formalized Reasoning, University of Bologna (available at $<$http://lambdadelta.info/$>$)",
   howpublished="Submitted to JFR. \url{http://lambdadelta.info/}"
}
@misc{lambdadeltaJ2a,
   author="F. {Guidi}",
   title="{The Formal System $\lambda\delta$ Revised, Stage A: Extending the Applicability Condition}",
   howpublished="CoRR identifier 1411.0154",
   year="2014",
   xxmonth="November",
   xxnote="Preprint (available at $<$http://lambdadelta.info/$>$)"
}
@article{lambdadeltaJ1,
   author="F. {Guidi}",
   title="{The Formal System $\lambda\delta$}",
   xxjournal="Transactions on Computational Logic",
   journal="ToCL",
   volume="11",
   number="1",
   xxpages="5:1-5:37, online appendix 1-11",
   pages="5:1-5:37",
   publisher="ACM",
   xxaddress="New York, NY, USA",
   year="2009",
   month="November"
}
@book{Jut79,
   author="L.S. van {Benthem Jutting}",
   title="{Checking Landau's ``Grundlagen'' in the Automath system}",
   xxpublisher="Mathematisch Centrum",
   xxaddress="Amsterdam, The Netherlands",
   series="Mathematical Centre Tracts",
   volume="83",
   year="1979"
}
@article{Brn92,
   author="H.P. {Barendregt}",
   title="{Lambda Calculi with Types}",
   publisher="Oxford University Press",
   xxaddress="Oxford, UK",
   journal="Osborne Handbooks of Logic in Computer Science",
   volume="2",
   year="1993",
   pages="117-309"
}
@incollection{debruijnlevel,
   author="N.G. de {Bruijn}", 
   title="{Lambda calculus notation with nameless dummies, a tool for automatic formula manipulation, with application to the {Church-Rosser} theorem}",
   booktitle="{Selected Papers on Automath}",
   publisher="North-Holland",
   xxaddress="Amsterdam, The Netherlands",
   year="1994",
   pages="375-388"
}
@proceedings{SPA94,
   xxeditor="R.P. {Nederpelt} and J.H. {Geuvers} and R.C. de {Vrijer}", 
   title="{Selected Papers on Automath}",
   publisher="North-Holland",
   xxaddress="Amsterdam, The Netherlands",
   series="Studies in Logic and the Foundations of Mathematics",
   volume="133",
   year="1994",
   key="R.P. {Nederpelt} and J.H. {Geuvers} and R.C. de {Vrijer}"
}

@book{Miller:2012:PHL:2331097,
 author = {Miller, D. and Nadathur, G.},
 title = {Programming with Higher-Order Logic},
 year = {2012},
 isbn = {052187940X, 9780521879408},
 xxedition = {1st},
 publisher = {Cambridge University Press},
 xxaddress = {New York, NY, USA},
}

@inproceedings{DBLP:conf/cade/NadathurM99,
  author    = {G. Nadathur and
               D. J. Mitchell},
  xxtitle     = {System Description: Teyjus - {A} Compiler and Abstract Machine Based Implementation of lambda-Prolog},
  title     = {Teyjus - {A} Compiler and Abstract Machine Based Implementation of $\lambda$Prolog},
  booktitle = {CADE-16},
  pages     = {287--291},
  year      = {1999},
  url       = {http://dx.doi.org/10.1007/3-540-48660-7_25},
  doi       = {10.1007/3-540-48660-7_25},
  timestamp = {Fri, 17 Jun 2011 14:10:02 +0200},
  biburl    = {http://dblp.uni-trier.de/rec/bib/conf/cade/NadathurM99},
  bibsource = {dblp computer science bibliography, http://dblp.org}
}

@article{DBLP:journals/corr/abs-0911-5203,
  author    = {X. Qi},
  title     = {An Implementation of the Language Lambda Prolog Organized around Higher-Order
               Pattern Unification},
  journal   = {CoRR},
  volume    = {abs/0911.5203},
  year      = {2009},
  url       = {http://arxiv.org/abs/0911.5203},
  timestamp = {Mon, 05 Dec 2011 18:05:27 +0100},
  biburl    = {http://dblp.uni-trier.de/rec/bib/journals/corr/abs-0911-5203},
  bibsource = {dblp computer science bibliography, http://dblp.org}
}

@PHDTHESIS{LPAZ,
  title = {Lambda-Prolog de A a Z... ou presque},
  author = {O. Ridoux},
  year = {1998},
  school = {Universit\'e de Rennes 1},
  type = {Habilitation {\`a} Diriger des Recherches},
}

@inproceedings{gonthier:hal-00816699,
  TITLE = {{A Machine-Checked Proof of the Odd Order Theorem}},
  AUTHOR = {Gonthier, G. and Asperti, A. and Avigad, J. and Bertot, Y. and Cohen, C. and Garillot, F. and Le Roux, S. and Mahboubi, A. and O'Connor, R. and Ould Biha, S. and Pasca, I. and Rideau, L. and Solovyev, A. and Tassi, E. and Th{\'e}ry, L.},
  URL = {https://hal.inria.fr/hal-00816699},
  BOOKTITLE = {ITP 2013},
  xxADDRESS = {Rennes, France},
  xxEDITOR = {Sandrine Blazy and Christine Paulin and David Pichardie},
  xxPUBLISHER = {{Springer}},
  SERIES = {LNCS},
  VOLUME = {7998},
  PAGES = {163-179},
  YEAR = {2013},
  MONTH = Jul,
  DOI = {10.1007/978-3-642-39634-2\_14},
  PDF = {https://hal.inria.fr/hal-00816699/file/main.pdf},
  HAL_ID = {hal-00816699},
  HAL_VERSION = {v1},
}

@ARTICLE{Miller91alogic,
    author = {D. Miller},
    title = {A Logic Programming Language with Lambda-Abstraction, Function Variables, and Simple Unification},
    journal = {Journal of Logic and Computation},
    year = {1991},
    volume = {1},
    pages = {253--281}
}



@article{DBLP:journals/jar/LiangNQ04,
  author    = {C. Liang and
               G. Nadathur and
               X. Qi},
  title     = {Choices in Representation and Reduction Strategies for Lambda Terms
               in Intensional Contexts},
  journal   = {JAR},
  volume    = {33},
  number    = {2},
  pages     = {89--132},
  year      = {2004},
  url       = {http://dx.doi.org/10.1007/s10817-004-6885-1},
  doi       = {10.1007/s10817-004-6885-1},
  timestamp = {Thu, 19 May 2011 15:52:17 +0200},
  biburl    = {http://dblp.uni-trier.de/rec/bib/journals/jar/LiangNQ04},
  bibsource = {dblp computer science bibliography, http://dblp.org}
}

@inproceedings{TCcoq,
  author = {M. Sozeau and N. Oury},
  title = {First-Class Type Classes},
  series = {LNCS},
  volume = {5170},
  year = {2008},
  pages = {278-293},
  booktitle = {TPHOLs},
}

@inproceedings{hints,
  author    = {A. Asperti and
               W. Ricciotti and
               C. Sacerdoti Coen and
               E. Tassi},
  title     = {Hints in Unification},
  booktitle = {TPHOLs},
  pages     = {84--98},
  year      = {2009},
  url       = {http://dx.doi.org/10.1007/978-3-642-03359-9_8},
  doi       = {10.1007/978-3-642-03359-9_8},
  timestamp = {Thu, 03 Sep 2009 22:14:13 +0200},
  biburl    = {http://dblp.uni-trier.de/rec/bib/conf/tphol/AspertiRCT09},
  bibsource = {dblp computer science bibliography, http://dblp.org}
}

@article{hints2,
  author    = {G. Gonthier and
               B. Ziliani and
               A. Nanevski and
               D. Dreyer},
  title     = {How to make ad hoc proof automation less ad hoc},
  journal   = {J. Funct. Program.},
  volume    = {23},
  number    = {4},
  pages     = {357--401},
  year      = {2013},
  url       = {http://dx.doi.org/10.1017/S0956796813000051},
  doi       = {10.1017/S0956796813000051},
  timestamp = {Tue, 05 Nov 2013 14:59:48 +0100},
  biburl    = {http://dblp.uni-trier.de/rec/bib/journals/jfp/GonthierZND13},
  bibsource = {dblp computer science bibliography, http://dblp.org}
}
