@article{ref,
  author = {{Author}},
  journal = {{journal}},
  pages = {279--294},
  title = {name},
  volume = 21,
  year = 1998
}

@misc{lambdadeltaJ3a,
   author="F. {Guidi}",
   title="{A Verified Translation of Landau's Grundlagen'' from Automath into a Pure Type System, via $\lambda\delta$}",
   year="2015",
   month="February",
   note="Submitted to Journal of Formalized Reasoning, University of Bologna (available at $<$http://lambdadelta.info/$>$)"
}
@misc{lambdadeltaJ2a,
   author="F. {Guidi}",
   title="{The Formal System $\lambda\delta$ Revised, Stage A: Extending the Applicability Condition}",
   howpublished="CoRR identifier 1411.0154",
   year="2014",
   month="November",
   note="Submitted to Transactions on Computational Logic, ACM (available at $<$http://lambdadelta.info/$>$)"
}
@article{lambdadeltaJ1,
   author="F. {Guidi}",
   title="{The Formal System $\lambda\delta$}",
   journal="Transactions on Computational Logic",
   volume="11",
   number="1",
   pages="5:1-5:37, online appendix 1-11",
   publisher="ACM",
   address="New York, NY, USA",
   year="2009",
   month="November"
}
@book{Jut79,
   author="L.S. van {Benthem Jutting}",
   title="{Checking Landau's ``Grundlagen'' in the automath system}",
   publisher="Mathematisch Centrum",
   address="Amsterdam, The Netherlands",
   series="Mathematical Centre Tracts",
   volume="83",
   year="1979"
}
@article{Brn92,
   author="H.P. {Barendregt}",
   title="{Lambda Calculi with Types}",
   publisher="Oxford University Press",
   address="Oxford, UK",
   journal="Osborne Handbooks of Logic in Computer Science",
   volume="2",
   year="1993",
   pages="117-309"
}
@incollection{debruijnlevel,
   author="N.G. de {Bruijn}", 
   title="Lambda calculus notation with nameless dummies, a tool for automatic formula manipulation, with application to the {Church-Rosser} theorem",
   booktitle="Selected Papers on Automath \cite{SPA94}",
   publisher="North-Holland Pub. Co.",
   address="Amsterdam, The Netherlands",
   year="1994",
   pages="375-388"
}
@proceedings{SPA94,
   editor="R.P. {Nederpelt} and J.H. {Geuvers} and R.C. de {Vrijer}", 
   title="{Selected Papers on Automath}",
   publisher="North-Holland Pub. Co.",
   address="Amsterdam, The Netherlands",
   series="Studies in Logic and the Foundations of Mathematics",
   volume="133",
   year="1994",
   key="R.P. {Nederpelt} and J.H. {Geuvers} and R.C. de {Vrijer}"
}
