@inproceedings{amy1,
  author    = {Andrew W. Appel and
               Amy P. Felty},
  title     = {Lightweight Lemmas in lambda-Prolog},
  booktitle = {Logic Programming: The 1999 International Conference, Las Cruces,
               New Mexico, USA, November 29 - December 4, 1999},
  pages     = {411--425},
  year      = {1999},
  XXcrossref  = {DBLP:conf/iclp/1999},
  timestamp = {Mon, 02 Dec 2013 17:40:45 +0100},
  biburl    = {http://dblp.uni-trier.de/rec/bib/conf/iclp/AppelF99},
  bibsource = {dblp computer science bibliography, http://dblp.org}
}

@inproceedings{amy2,
  author    = {Amy P. Felty and
               Dale Miller},
  title     = {Specifying Theorem Provers in a Higher-Order Logic Programming Language},
  booktitle = {9th International Conference on Automated Deduction, Argonne, Illinois,
               USA, May 23-26, 1988, Proceedings},
  pages     = {61--80},
  year      = {1988},
  XXcrossref  = {DBLP:conf/cade/1988},
  url       = {http://dx.doi.org/10.1007/BFb0012823},
  doi       = {10.1007/BFb0012823},
  timestamp = {Mon, 12 Oct 2009 12:48:50 +0200},
  biburl    = {http://dblp.uni-trier.de/rec/bib/conf/cade/FeltyM88},
  bibsource = {dblp computer science bibliography, http://dblp.org}
}

@article{amy3,
  author    = {Amy P. Felty},
  title     = {Implementing Tactics and Tacticals in a Higher-Order Logic Programming
               Language},
  journal   = {J. Autom. Reasoning},
  volume    = {11},
  number    = {1},
  pages     = {41--81},
  year      = {1993},
  url       = {http://dx.doi.org/10.1007/BF00881900},
  doi       = {10.1007/BF00881900},
  timestamp = {Thu, 19 May 2011 15:52:27 +0200},
  biburl    = {http://dblp.uni-trier.de/rec/bib/journals/jar/Felty93},
  bibsource = {dblp computer science bibliography, http://dblp.org}
}


 
@article{miller1,
  author    = {Dale Miller},
  title     = {Unification Under a Mixed Prefix},
  journal   = {J. Symb. Comput.},
  volume    = {14},
  number    = {4},
  pages     = {321--358},
  year      = {1992},
  url       = {http://dx.doi.org/10.1016/0747-7171(92)90011-R},
  doi       = {10.1016/0747-7171(92)90011-R},
  timestamp = {Tue, 20 Sep 2011 11:17:55 +0200},
  biburl    = {http://dblp.uni-trier.de/rec/bib/journals/jsc/Miller92},
  bibsource = {dblp computer science bibliography, http://dblp.org}
}


 
@inproceedings{debrujn1,
  author    = {N. G. de Bruijn},
  title     = {Lambda calculus with namefree formulas in involving symbols that represent reference transforming mappings},
  booktitle   = {Indagationes Mathematicae},
  volume    = {81},
  number    = {3},
  pages     = {348--356},
  year      = {1978}
}


@inproceedings{amy4,
  author    = {Amy P. Felty and
               Dale Miller},
  title     = {Specifying Theorem Provers in a Higher-Order Logic Programming Language},
  booktitle = {9th International Conference on Automated Deduction, Argonne, Illinois,
               USA, May 23-26, 1988, Proceedings},
  pages     = {61--80},
  year      = {1988},
  XXcrossref  = {DBLP:conf/cade/1988},
  url       = {http://dx.doi.org/10.1007/BFb0012823},
  doi       = {10.1007/BFb0012823},
  timestamp = {Mon, 12 Oct 2009 12:48:50 +0200},
  biburl    = {http://dblp.uni-trier.de/rec/bib/conf/cade/FeltyM88},
  bibsource = {dblp computer science bibliography, http://dblp.org}
}


@inproceedings{teyjus1,
  author    = {Gopalan Nadathur and Dustin J. Mitchell},
  title     = {System Description: Teyjus - {A} Compiler and Abstract Machine Based
               Implementation of lambda-Prolog},
  booktitle = {Automated Deduction - CADE-16, 16th International Conference on Automated
               Deduction, Trento, Italy, July 7-10, 1999, Proceedings},
  pages     = {287--291},
  year      = {1999},
  XXcrossref  = {DBLP:conf/cade/1999},
  url       = {http://dx.doi.org/10.1007/3-540-48660-7_25},
  doi       = {10.1007/3-540-48660-7_25},
  timestamp = {Fri, 17 Jun 2011 14:10:02 +0200},
  biburl    = {http://dblp.uni-trier.de/rec/bib/conf/cade/NadathurM99},
  bibsource = {dblp computer science bibliography, http://dblp.org}
}


@article{gopalan1,
  author    = {Gopalan Nadathur and Guanshan Tong},
  title     = {Realizing Modularity in lambdaProlog},
  journal   = {Journal of Functional and Logic Programming},
  volume    = {1999},
  number    = {Special Issue 1},
  year      = {1999},
  timestamp = {Thu, 03 Jan 2002 12:24:48 +0100},
  biburl    = {http://dblp.uni-trier.de/rec/bib/journals/jflp/NadathurT99},
  bibsource = {dblp computer science bibliography, http://dblp.org}
}

@inproceedings{asperti1,
  author    = {Andrea Asperti and Wilmer Ricciotti and Claudio {Sacerdoti Coen} and Enrico Tassi},
  title     = {Hints in Unification},
  booktitle = {Theorem Proving in Higher Order Logics, 22nd International Conference,
               TPHOLs 2009, Munich, Germany, August 17-20, 2009. Proceedings},
  pages     = {84--98},
  year      = {2009},
  XXcrossref  = {DBLP:conf/tphol/2009},
  url       = {http://dx.doi.org/10.1007/978-3-642-03359-9_8},
  doi       = {10.1007/978-3-642-03359-9_8},
  timestamp = {Thu, 03 Sep 2009 22:14:13 +0200},
  biburl    = {http://dblp.uni-trier.de/rec/bib/conf/tphol/AspertiRCT09},
  bibsource = {dblp computer science bibliography, http://dblp.org}
}


@Inbook{delahaye2000,
  author   ="Delahaye, David",
  editor   ="Parigot, Michel and Voronkov, Andrei",
  chapter  ="A Tactic Language for the System Coq",
  title    ="Logic for Programming and Automated Reasoning: 7th International Conference, LPAR 2000 Reunion Island, France, November 6--10, 2000 Proceedings",
  year     ="2000",
  publisher="Springer Berlin Heidelberg",
  address  ="Berlin, Heidelberg",
  pages    ="85--95",
  isbn     ="978-3-540-44404-6",
  doi      ="10.1007/3-540-44404-1_7",
  url      ="http://dx.doi.org/10.1007/3-540-44404-1_7"
}


@Inbook{elpi1,
  author   ="Dunchev, Cvetan and Guidi, Ferruccio and {Sacerdoti Coen}, Claudio and Tassi, Enrico",
  editor   ="Davis, Martin and Fehnker, Ansgar and McIver, Annabelle and Voronkov, Andrei", chapter="ELPI: Fast, Embeddable, lambda-Prolog Interpreter",
  title    ="Logic for Programming, Artificial Intelligence, and Reasoning: 20th International Conference, LPAR-20 2015, Suva, Fiji, November 24-28, 2015, Proceedings",
  year     ="2015",
  publisher="Springer Berlin Heidelberg",
  address  ="Berlin, Heidelberg",
  pages    ="460--468",
  isbn     ="978-3-662-48899-7",
  doi      ="10.1007/978-3-662-48899-7_32",
  url      ="http://dx.doi.org/10.1007/978-3-662-48899-7_32"
}


@inproceedings{baillot1,
  author    = {Patrick Baillot and
               Martin Hofmann},
  title     = {Type inference in intuitionistic linear logic},
  booktitle = {Proceedings of the 12th International {ACM} {SIGPLAN} Conference on
               Principles and Practice of Declarative Programming, July 26-28, 2010,
               Hagenberg, Austria},
  pages     = {219--230},
  year      = {2010},
  XXcrossref  = {DBLP:conf/ppdp/2010},
  url       = {http://doi.acm.org/10.1145/1836089.1836117},
  doi       = {10.1145/1836089.1836117},
  timestamp = {Tue, 05 Nov 2013 17:32:56 +0100},
  biburl    = {http://dblp.uni-trier.de/rec/bib/conf/ppdp/BaillotH10},
  bibsource = {dblp computer science bibliography, http://dblp.org}
}

@article{cosimo1,
  author    = {Elena Giachino and
               Einar Broch Johnsen and
               Cosimo Laneve and
               Ka I Pun},
  title     = {Time complexity of concurrent programs},
  journal   = {CoRR},
  volume    = {abs/1511.05104},
  year      = {2015},
  url       = {http://arxiv.org/abs/1511.05104},
  timestamp = {Tue, 01 Dec 2015 19:22:34 +0100},
  biburl    = {http://dblp.uni-trier.de/rec/bib/journals/corr/GiachinoJLP15},
  bibsource = {dblp computer science bibliography, http://dblp.org}
}

T

@unpublished{zak1,
  author    = {Roberto Blanco and Zak Chihani and Dale Miller},
  title     = {Translating between implicit and explicit versions of proof},
  year      = {2016},
  note      = {unpublished},
  url       = {http://www.lix.polytechnique.fr/Labo/Dale.Miller/papers/implicit-explicit-draft.pdf}
}

@inproceedings{iain1,
  author    = {Iain Whiteside and
               David Aspinall and
               Lucas Dixon and
               Gudmund Grov},
  title     = {Towards Formal Proof Script Refactoring},
  booktitle = {Intelligent Computer Mathematics - 18th Symposium, Calculemus 2011,
               and 10th International Conference, {MKM} 2011, Bertinoro, Italy, July
               18-23, 2011. Proceedings},
  pages     = {260--275},
  year      = {2011},
  XXcrossref  = {DBLP:conf/mkm/2011},
  url       = {http://dx.doi.org/10.1007/978-3-642-22673-1_18},
  doi       = {10.1007/978-3-642-22673-1_18},
  timestamp = {Wed, 09 Sep 2015 16:45:59 +0200},
  biburl    = {http://dblp.uni-trier.de/rec/bib/conf/mkm/WhitesideADG11},
  bibsource = {dblp computer science bibliography, http://dblp.org}
}

@inproceedings{zak2,
  author    = {Zakaria Chihani and
               Dale Miller and
               Fabien Renaud},
  title     = {Foundational Proof Certificates in First-Order Logic},
  booktitle = {Automated Deduction - {CADE-24} - 24th International Conference on
               Automated Deduction, Lake Placid, NY, USA, June 9-14, 2013. Proceedings},
  pages     = {162--177},
  year      = {2013},
  XXcrossref  = {DBLP:conf/cade/2013},
  url       = {http://dx.doi.org/10.1007/978-3-642-38574-2_11},
  doi       = {10.1007/978-3-642-38574-2_11},
  timestamp = {Sat, 15 Jun 2013 19:33:15 +0200},
  biburl    = {http://dblp.uni-trier.de/rec/bib/conf/cade/ChihaniMR13},
  bibsource = {dblp computer science bibliography, http://dblp.org}
}



@inproceedings{miller3,
  author    = {Dale Miller},
  title     = {Foundational Proof Certificates},
  booktitle = {All about Proofs, Proofs for All (APPA)},
  pages     = {150--163},
  year      = {2014}  
}


@article{csc2,
  author    = {Claudio {Sacerdoti Coen} and
               Enrico Tassi and
               Stefano Zacchiroli},
  title     = {Tinycals: Step by Step Tacticals},
  journal   = {Electr. Notes Theor. Comput. Sci.},
  volume    = {174},
  number    = {2},
  pages     = {125--142},
  year      = {2007},
  url       = {http://dx.doi.org/10.1016/j.entcs.2006.09.026},
  doi       = {10.1016/j.entcs.2006.09.026},
  timestamp = {Fri, 01 Jun 2007 22:05:14 +0200},
  biburl    = {http://dblp.uni-trier.de/rec/bib/journals/entcs/CoenTZ07},
  bibsource = {dblp computer science bibliography, http://dblp.org}
}


@book{milner1,
  author    = {Michael J. C. Gordon and
               Robin Milner and
               Christopher P. Wadsworth},
  title     = {Edinburgh {LCF}},
  series    = {Lecture Notes in Computer Science},
  volume    = {78},
  publisher = {Springer},
  year      = {1979},
  url       = {http://dx.doi.org/10.1007/3-540-09724-4},
  doi       = {10.1007/3-540-09724-4},
  isbn      = {3-540-09724-4},
  timestamp = {Fri, 24 Jun 2011 20:39:20 +0200},
  biburl    = {http://dblp.uni-trier.de/rec/bib/books/sp/Gordon79},
  bibsource = {dblp computer science bibliography, http://dblp.org}
}


@inproceedings{leroy1,
  author    = {X. Leroy and D. Doligez and J. Garrigue and D. R\'emy and J. Vouillon},
  title     = {The Objective Caml system release 3.08, Documentation and user’s manual},
  booktitle = {Projet Cristal, INRIA},
  pages     = {},
  year      = {2004}
}


@inproceedings{hol1,
  author    = {John Harrison},
  title     = {{HOL} Light: An Overview},
  booktitle = {Theorem Proving in Higher Order Logics, 22nd International Conference,
               TPHOLs 2009, Munich, Germany, August 17-20, 2009. Proceedings},
  pages     = {60--66},
  year      = {2009},
  XXcrossref  = {DBLP:conf/tphol/2009},
  url       = {http://dx.doi.org/10.1007/978-3-642-03359-9_4},
  doi       = {10.1007/978-3-642-03359-9_4},
  timestamp = {Thu, 03 Sep 2009 22:14:13 +0200},
  biburl    = {http://dblp.uni-trier.de/rec/bib/conf/tphol/Harrison09a},
  bibsource = {dblp computer science bibliography, http://dblp.org}
}

@inproceedings{spiwack,
  TITLE = {{An abstract type for constructing tactics in Coq}},
  author = {Spiwack, Arnaud},
  URL = {https://hal.inria.fr/inria-00502500},
  BOOKTITLE = {{Proof Search in Type Theory}},
  ADDRESS = {Edinburgh, United Kingdom},
  year = {2010},
  MONTH = Jul,
  PDF = {https://hal.inria.fr/inria-00502500/file/tactics.pdf},
  HAL_ID = {inria-00502500},
  HAL_VERSION = {v1},
}
